@article{exampleKey9999,
  author = 	 {{This is an example of a BibTex entry}},
  title = 	 {You can get the BibTex entry of any article using its doi from for example https://www.bibtex.com/c/doi-to-bibtex-converter/},
  journal = 	 {You can remove this entry once you start putting your own entries here},
  year = 	 9999,
  volume = 	 1,
  number = 	 1,
  pages = 	 {1-2},
  month = 	 {Aug}}

@article{connolly_woo_lampron_perry_2018,
title=  {Factors associated with delay in trauma team activation and impact on patient outcomes},
volume=  {20},
DOI=  {10.1017/cem.2017.389},
number=  {4},
journal=  {Canadian Journal of Emergency Medicine},
publisher=  {Cambridge University Press},
author=  {Connolly, Rory and Woo, Michael Y. and Lampron, Jacinthe and Perry, Jeffrey J.},
year=  {2018},
pages=  {606â€“613}}

@article{ryb2012delayed,
  title=  {Delayed trauma team activation: patient characteristics and outcomes},
  author=  {Ryb, Gabriel E and Cooper, Carnell and Waak, Sandra Marie},
  journal=  {Journal of Trauma and Acute Care Surgery},
  volume=  {73},
  number=  {3},
  pages=  {695--698},
  year=  {2012},
  publisher=  {LWW}

@misc{World_Health_Organization_2021,
title=  {Injuries and violence}, 
url=  {https://www.who.int/news-room/fact-sheets/detail/injuries-and-violence}, 
journal=  {World Health Organization}, 
publisher=  {World Health Organization}, 
author=  {World Health Organization},
year=  {2021},
month=  {Mar}} 

@misc{AAST_2020,
title=  {Trauma_facts_and_links},
url=  {https://www.aast.org/resources/trauma-facts},
journal=  {The American Association for the Surgery of Trauma},
publisher=  {The American Association for the Surgery of Trauma},
author=  {AAST},
year=  {2020},
month=  {Jul}} 
