@article{alharbiEffectivenessTraumaCare2021,
	title = {Effectiveness of Trauma Care Systems at Different Stages of
	         Development in Reducing Mortality: A Systematic Review and
	         Meta-Analysis Protocol},
	shorttitle = {Effectiveness of Trauma Care Systems at Different Stages of
	              Development in Reducing Mortality},
	author = {Alharbi, Rayan Jafnan and Lewis, Virginia and Shrestha, Sumina and
	          Miller, Charne},
	date = {2021-06-03},
	journaltitle = {BMJ open},
	shortjournal = {BMJ Open},
	volume = {11},
	number = {6},
	eprint = {34083344},
	eprinttype = {pmid},
	pages = {e047439},
	issn = {2044-6055},
	doi = {10.1136/bmjopen-2020-047439},
	langid = {english},
	pmcid = {PMC8183269},
	keywords = {accident \& emergency medicine,Humans,Meta-Analysis as Topic,
	            quality in health care,Research Design,Systematic Reviews as
	            Topic,Trauma Centers,trauma management},
}

@article{blackmoreUsingTraumaQuality2019,
	title = {Using the {{Trauma Quality Improvement Program Metrics Data}} to {{
	         Enhance Clinical Practice}}},
	author = {Blackmore, Abigail R. and Leonard, Jan and Madayag, Robert and
	          Bourg, Pamela W.},
	date = {2019},
	journaltitle = {Journal of Trauma Nursing: The Official Journal of the
	                Society of Trauma Nurses},
	shortjournal = {J Trauma Nurs},
	volume = {26},
	number = {3},
	eprint = {31483767},
	eprinttype = {pmid},
	pages = {121--127},
	issn = {1078-7496},
	doi = {10.1097/JTN.0000000000000436},
	langid = {english},
	keywords = {Aged,Benchmarking,Colorado,Female,Humans,Male,{Models,
	            Statistical},Multiple Trauma,{Practice Patterns, Nurses'},Quality
	            Improvement,Trauma Centers},
}

@article{choiImpactTraumaSystems2021,
	title = {The Impact of Trauma Systems on Patient Outcomes},
	author = {Choi, Jeff and Carlos, Garrison and Nassar, Aussama K. and
	          Knowlton, Lisa M. and Spain, David A.},
	date = {2021-01},
	journaltitle = {Current Problems in Surgery},
	shortjournal = {Curr Probl Surg},
	volume = {58},
	number = {1},
	eprint = {33431134},
	eprinttype = {pmid},
	pages = {100849},
	issn = {1535-6337},
	doi = {10.1016/j.cpsurg.2020.100849},
	langid = {english},
	pmcid = {PMC7286246},
	keywords = {Cost of Illness,Humans,Injury Severity Score,Trauma Centers,
	            Treatment Outcome,United States,Wounds and Injuries},
}

@article{donabedian_effectiveness_1996,
	title = {The Effectiveness of Quality Assurance},
	author = {Donabedian, Avedis},
	date = {1996},
	journaltitle = {International Journal for Quality in Health Care},
	shortjournal = {Int J Qual Health Care},
	volume = {8},
	number = {4},
	pages = {401--407},
	issn = {1353-4505, 1464-3677},
	doi = {10.1093/intqhc/8.4.401},
	url = {
	       https://academic.oup.com/intqhc/article-lookup/doi/10.1093/intqhc/8.4.401
	       },
	urldate = {2023-02-07},
	langid = {english},
}

@article{ghorbani_analysis_2018,
	title = {Analysis of Preventable Deaths and Errors in Trauma Care in a {{
	         Scandinavian}} Trauma Level-{{I}} Centre},
	author = {Ghorbani, P. and Strömmer, L.},
	date = {2018-09},
	journaltitle = {Acta Anaesthesiologica Scandinavica},
	shortjournal = {Acta Anaesthesiol. Scand.},
	volume = {62},
	number = {8},
	pages = {1146--1153},
	issn = {00015172},
	doi = {10.1111/aas.13151},
	url = {https://onlinelibrary.wiley.com/doi/10.1111/aas.13151},
	urldate = {2023-01-24},
	langid = {english},
}

@article{ghorbani_clinical_2014,
	title = {Clinical Review Is Essential to Evaluate 30-Day Mortality after
	         Trauma},
	author = {Ghorbani, Poya and Falkén, Magnus and Riddez, Louis and Sundelöf,
	          Martin and Oldner, Anders and Strömmer, Lovisa},
	date = {2014-12},
	journaltitle = {Scandinavian Journal of Trauma, Resuscitation and Emergency
	                Medicine},
	shortjournal = {Scand J Trauma Resusc Emerg Med},
	volume = {22},
	number = {1},
	pages = {18},
	issn = {1757-7241},
	doi = {10.1186/1757-7241-22-18},
	url = {https://sjtrem.biomedcentral.com/articles/10.1186/1757-7241-22-18},
	urldate = {2023-01-24},
	langid = {english},
}

@article{hakkenbrakPreventableDeathTrauma2021,
	title = {Preventable Death in Trauma: {{A}} Systematic Review on Definition
	         and Classification},
	shorttitle = {Preventable Death in Trauma},
	author = {Hakkenbrak, N. a. G. and Mikdad, S. Y. and Zuidema, W. P. and Halm
	          , J. A. and Schoonmade, L. J. and Reijnders, U. J. L. and Bloemers,
	          F. W. and Giannakopoulos, G. F.},
	date = {2021-10},
	journaltitle = {Injury},
	shortjournal = {Injury},
	volume = {52},
	number = {10},
	eprint = {34389167},
	eprinttype = {pmid},
	pages = {2768--2777},
	issn = {1879-0267},
	doi = {10.1016/j.injury.2021.07.040},
	langid = {english},
	keywords = {Algorithms,Humans,Injury Severity Score,Medical History Taking,
	            NTS,{Nts, Triss},Preventable death,Probability,Quality of care,
	            Trauma,Trauma Severity Indices,TRISS,Wounds and Injuries},
}

@article{heim_survival_2016,
	title = {Survival Prediction Algorithms Miss Significant Opportunities for
	         Improvement If Used for Case Selection in Trauma Quality Improvement
	         Programs},
	author = {Heim, Catherine and Cole, Elaine and West, Anita and Tai, Nigel
	          and Brohi, Karim},
	date = {2016-09},
	journaltitle = {Injury-international Journal of The Care of The Injured},
	shortjournal = {Injury},
	volume = {47},
	number = {9},
	pages = {1960--1965},
	issn = {00201383},
	doi = {10.1016/j.injury.2016.05.042},
	url = {https://linkinghub.elsevier.com/retrieve/pii/S0020138316302145},
	urldate = {2023-02-07},
	langid = {english},
}

@article{kwon_pooled_2014,
	title = {Pooled Preventable Death Rates in Trauma Patients: {{Meta}}
	         Analysis and Systematic Review since 1990},
	shorttitle = {Pooled Preventable Death Rates in Trauma Patients},
	author = {Kwon, A. M. and Garbett, N. C. and Kloecker, G. H.},
	date = {2014-06},
	journaltitle = {European Journal of Trauma and Emergency Surgery},
	shortjournal = {Eur J Trauma Emerg Surg},
	volume = {40},
	number = {3},
	pages = {279--285},
	issn = {1863-9933, 1863-9941},
	doi = {10.1007/s00068-013-0364-5},
	url = {http://link.springer.com/10.1007/s00068-013-0364-5},
	urldate = {2023-01-24},
	langid = {english},
}

@article{lazzaraMorbidityMortalityConference2022,
	title = {The {{Morbidity}} and {{Mortality Conference}}: {{Opportunities}}
	         for {{Enhancing Patient Safety}}},
	shorttitle = {The {{Morbidity}} and {{Mortality Conference}}},
	author = {Lazzara, Elizabeth H. and Salisbury, Mary and Hughes, Ashley M.
	          and Rogers, Jordan E. and King, Heidi B. and Salas, Eduardo},
	date = {2022-01-01},
	journaltitle = {Journal of Patient Safety},
	shortjournal = {J Patient Saf},
	volume = {18},
	number = {1},
	eprint = {34951610},
	eprinttype = {pmid},
	pages = {e275-e281},
	issn = {1549-8425},
	doi = {10.1097/PTS.0000000000000765},
	langid = {english},
	keywords = {Humans,Morbidity,Patient Safety},
}

@article{mcdermott_trauma_1994,
	title = {Trauma Audit and Quality Improvement},
	author = {McDermott, Frank T.},
	date = {1994-03},
	journaltitle = {ANZ Journal of Surgery},
	shortjournal = {ANZ J Surg},
	volume = {64},
	number = {3},
	pages = {147--154},
	issn = {1445-1433, 1445-2197},
	doi = {10.1111/j.1445-2197.1994.tb02168.x},
	url = {
	       https://onlinelibrary.wiley.com/doi/10.1111/j.1445-2197.1994.tb02168.x
	       },
	urldate = {2023-01-24},
	langid = {english},
}

@article{oreilly_opportunities_2013,
	title = {Opportunities for Improvement in the Management of Patients Who Die
	         from Haemorrhage after Trauma},
	author = {O'Reilly, D and Mahendran, K and West, A and Shirley, P and Walsh,
	          M and Tai, N},
	date = {2013-04-02},
	journaltitle = {British Journal of Surgery},
	volume = {100},
	number = {6},
	pages = {749--755},
	issn = {0007-1323, 1365-2168},
	doi = {10.1002/bjs.9096},
	url = {https://academic.oup.com/bjs/article/100/6/749-755/6138406},
	urldate = {2023-01-24},
	langid = {english},
}

@article{ringdal_utstein_2008,
	title = {The {{Utstein}} Template for Uniform Reporting of Data Following
	         Major Trauma: A Joint Revision by {{SCANTEM}}, {{TARN}}, {{DGU-TR}}
	         and {{RITG}}},
	shorttitle = {The {{Utstein}} Template for Uniform Reporting of Data
	              Following Major Trauma},
	author = {Ringdal, Kjetil G. and Coats, Timothy J. and Lefering, Rolf and Di
	          Bartolomeo, Stefano and Steen, Petter Andreas and Roise, Olav and
	          Handolin, Lauri and Lossius, Hans Morten and family=(Tcd),
	          given=Utstein TCD, prefix=expert panel, useprefix=false},
	date = {2008},
	journaltitle = {Scandinavian Journal of Trauma, Resuscitation and Emergency
	                Medicine},
	shortjournal = {Scand J Trauma Resusc Emerg Med},
	volume = {16},
	number = {1},
	pages = {7},
	issn = {1757-7241},
	doi = {10.1186/1757-7241-16-7},
	url = {http://sjtrem.biomedcentral.com/articles/10.1186/1757-7241-16-7},
	urldate = {2022-12-10},
	langid = {english},
}

@article{roy_learning_2017,
	title = {Learning from 2523 Trauma Deaths in {{India-}} Opportunities to
	         Prevent in-Hospital Deaths},
	author = {Roy, Nobhojit and Kizhakke Veetil, Deepa and Khajanchi, Monty
	          Uttam and Kumar, Vineet and Solomon, Harris and Kamble, Jyoti and
	          Basak, Debojit and Tomson, Göran and family=Schreeb, given=Johan,
	          prefix=von, useprefix=true},
	date = {2017-12},
	journaltitle = {BMC Health Services Research},
	shortjournal = {BMC Health Serv Res},
	volume = {17},
	number = {1},
	pages = {142},
	issn = {1472-6963},
	doi = {10.1186/s12913-017-2085-7},
	url = {
	       http://bmchealthservres.biomedcentral.com/articles/10.1186/s12913-017-2085-7
	       },
	urldate = {2023-01-24},
	langid = {english},
}

@article{sanddal_analysis_2011,
	title = {Analysis of Preventable Trauma Deaths and Opportunities for Trauma
	         Care Improvement in Utah},
	author = {Sanddal, Teri L. and Esposito, Thomas J. and Whitney, Jolene R.
	          and Hartford, Diane and Taillac, Peter P. and Mann, N. Clay and
	          Sanddal, Nels D.},
	date = {2011-04},
	journaltitle = {Journal of Trauma: Injury, Infection \& Critical Care},
	volume = {70},
	number = {4},
	pages = {970--977},
	issn = {0022-5282},
	doi = {10.1097/TA.0b013e3181fec9ba},
	url = {https://journals.lww.com/00005373-201104000-00032},
	urldate = {2023-01-24},
	langid = {english},
}

@article{santana_development_2014,
	title = {Development and Evaluation of Evidence-Informed Quality Indicators
	         for Adult Injury Care},
	author = {Santana, Maria J. and Stelfox, Henry T.},
	date = {2014-01},
	journaltitle = {Annals of Surgery},
	volume = {259},
	number = {1},
	pages = {186--192},
	issn = {0003-4932},
	doi = {10.1097/SLA.0b013e31828df98e},
	url = {https://journals.lww.com/00000658-201401000-00026},
	urldate = {2023-01-24},
	langid = {english},
}

@article{shafiTraumaQualityImprovement2009,
	title = {The {{Trauma Quality Improvement Program}} of the {{American
	         College}} of {{Surgeons Committee}} on {{Trauma}}},
	author = {Shafi, Shahid and Nathens, Avery B. and Cryer, H. Gill and Hemmila
	          , Mark R. and Pasquale, Michael D. and Clark, David E. and Neal,
	          Melanie and Goble, Sandra and Meredith, J. Wayne and Fildes, John
	          J.},
	date = {2009-10},
	journaltitle = {Journal of the American College of Surgeons},
	shortjournal = {J Am Coll Surg},
	volume = {209},
	number = {4},
	eprint = {19801325},
	eprinttype = {pmid},
	pages = {521-530.e1},
	issn = {1879-1190},
	doi = {10.1016/j.jamcollsurg.2009.07.001},
	langid = {english},
	keywords = {Benchmarking,General Surgery,Humans,Michigan,Program Development
	            ,Program Evaluation,Quality of Health Care,{Societies, Medical},
	            Traumatology,United States},
}

@article{stelfox_evidence_2011,
	title = {Evidence for Quality Indicators to Evaluate Adult Trauma Care: {{A}
	         } Systematic Review*:},
	shorttitle = {Evidence for Quality Indicators to Evaluate Adult Trauma Care},
	author = {Stelfox, Henry T. and Straus, Sharon E. and Nathens, Avery and
	          Bobranska-Artiuch, Barbara},
	date = {2011-04},
	journaltitle = {Critical Care Medicine},
	shortjournal = {Critical Care Medicine},
	volume = {39},
	number = {4},
	pages = {846--859},
	issn = {0090-3493},
	doi = {10.1097/CCM.0b013e31820a859a},
	url = {http://journals.lww.com/00003246-201104000-00033},
	urldate = {2023-01-24},
	langid = {english},
}

@article{teixeiraPreventablePotentiallyPreventable2007,
	title = {Preventable or Potentially Preventable Mortality at a Mature Trauma
	         Center},
	author = {Teixeira, Pedro G. R. and Inaba, Kenji and Hadjizacharia, Pantelis
	          and Brown, Carlos and Salim, Ali and Rhee, Peter and Browder,
	          Timothy and Noguchi, Thomas T. and Demetriades, Demetrios},
	date = {2007-12},
	journaltitle = {The Journal of Trauma},
	shortjournal = {J Trauma},
	volume = {63},
	number = {6},
	eprint = {18212658},
	eprinttype = {pmid},
	pages = {1338-1346; discussion 1346-1347},
	issn = {1529-8809},
	doi = {10.1097/TA.0b013e31815078ae},
	langid = {english},
	keywords = {Adult,Cause of Death,Diagnostic Errors,Female,Humans,Injury
	            Severity Score,Los Angeles,Male,{Quality Assurance, Health Care},
	            Registries,Time Factors,Trauma Centers,{Wounds, Nonpenetrating}},
}

@report{world_health_organization_guidelines_2009,
	title = {Guidelines for Trauma Quality Improvement Programmes},
	author = {{World Health Organization}},
	date = {2009},
	institution = {{World Health Organization}},
	location = {{Geneva}},
	issn = {9789241597746},
	url = {https://apps.who.int/iris/handle/10665/44061},
}
